% This file was created with Citavi 6.3.0.0

@book{BagschikG..2018,
 author = {{Bagschik G.} and {Menzel T.} and {Isensee L.} and {Schomburg A.} and {Maurerz M.}},
 year = {2018},
 title = {Detaillierung einer stichwortbasierten Szenariobeschreibung f{\"u}r die Durchf{\"u}hrung in der Simulation am Beispiel von Szenarien auf deutschen Autobahnen},
 urldate = {10.05.2019},
 publisher = {Pegasus},
 file = {02_2018_Walting_Szenariendetaillierung:\\\\b6nas_2\\B6_Archiv\\10_SA-DA-Diss\\MA_Russ\\07_Literatur\\Citavi-Projekt\\Masterarbeit\\Citavi Attachments\\02_2018_Walting_Szenariendetaillierung.pdf:pdf;636930938375539169:\\\\b6nas_2\\B6_Archiv\\10_SA-DA-Diss\\MA_Russ\\07_Literatur\\Citavi-Projekt\\Masterarbeit\\Citavi Attachments\\636930938375539169.pdf:pdf}
}


@book{MenzelT..2017,
 author = {{Menzel T.}},
 year = {2017},
 title = {Szenarien f{\"u}r Entwicklung, Absicherung und Test von automatisierten Fahrzeugen},
 urldate = {10.05.2019},
 publisher = {Pegasus},
 file = {Mazzega, Jens - PowerPoint-Präsentation:\\\\b6nas_2\\B6_Archiv\\10_SA-DA-Diss\\MA_Russ\\07_Literatur\\Citavi-Projekt\\Masterarbeit\\Citavi Attachments\\Mazzega, Jens - PowerPoint-Präsentation.pdf:pdf}
}


@book{Osterloh.1991,
 author = {Osterloh, Horst},
 year = {1991},
 title = {Strassenplanung mit Klothoiden und Schleppkurven: Einrechnung von Trasse und Gradiente},
 address = {Wiesbaden},
 edition = {5. neubearbeitete und erweterte Auflage},
 publisher = {Bauverlag},
 file = {http://www.worldcat.org/oclc/839739147}
}


@book{PayaVaya.2017,
 year = {2017},
 title = {Towards a common software/hardware methodology for future advanced driver assistance systems: The DESERVE approach},
 address = {Gistrup, Denmark},
 publisher = {{River Publishers}},
 isbn = {978-87-93519-14-5},
 series = {River Publishers series in transport technology},
 editor = {Pay{\'a}-Vay{\'a}, Guillermo and Blume, Holger},
 file = {http://www.worldcat.org/oclc/1004400997}
}


@book{PeterKorzenietz.2017,
 author = {{Peter Korzenietz}},
 year = {2017},
 title = {Entwicklung einer funktionalen Referenzarchitektur Entwicklung einer funktionalen Referenzarchitektur f{\"u}r Assistenzsysteme zur energetischen Optimierung des Fahrzeugbetriebs: Promotion},
 urldate = {28.03.2019},
 publisher = {{Technischen Universit{\"a}t Darmstadt}},
 file = {Peter - 2018_Dissertation_Korzenietz_UPDATE_2:\\\\b6nas_2\\B6_Archiv\\10_SA-DA-Diss\\MA_Russ\\07_Literatur\\Citavi-Projekt\\Masterarbeit\\Citavi Attachments\\Peter - 2018_Dissertation_Korzenietz_UPDATE_2.pdf:pdf}
}


@book{Pietzsch.2000,
 author = {Pietzsch, Wolfgang},
 year = {2000},
 title = {Strassenplanung},
 address = {D{\"u}sseldorf},
 edition = {6., neubearb. und erw. Aufl.},
 publisher = {Werner},
 file = {http://www.worldcat.org/oclc/45543595}
}


@misc{PrehAutomotive.,
 abstract = {Preh- der Automobilzulieferer f{\"u}r Automotive Bediensysteme, Schalter, Elektromobilit{\"a}t, Montagesysteme und L{\"o}sungen von Preh Car Connect.},
 author = {{Preh- Automotive}},
 title = {HMI, Schalter, Elektromobilit{\"a}t f{\"u}r die Automobilindustrie},
 url = {https://www.preh.com/},
 keywords = {automobilbranche;automobilindustrie;automobilproduktion;automobilzulieferer;Automotive;bediensysteme;car-connect;elektromobilit{\"a}t;HMI;schalter},
 urldate = {07.06.2019}
}


@phdthesis{Ressel.2019,
 author = {Ressel, Wolfram},
 year = {2019},
 title = {Entw{\"a}sserungsschwache Zonen auf Stra{\ss}en: Sicherheitsanforderungen f{\"u}r Sicherheitsanforderungen f{\"u}r Planung, Betrieb und Bautechnik},
 urldate = {14.04.2019},
 publisher = {Lehrstuhl f{\"u}r Stra{\ss}enplanung und Stra{\ss}enbau},
 school = {{Universit{\"a}t Stuttgart}},
 file = {636908620164912652:\\\\b6nas_2\\B6_Archiv\\10_SA-DA-Diss\\MA_Russ\\07_Literatur\\Citavi-Projekt\\Masterarbeit\\Citavi Attachments\\636908620164912652.pdf:pdf}
}


@book{Rohloff.2008,
 author = {Rohloff, M.},
 year = {2008},
 title = {Richtlinien f{\"u}r die Anlage von Autobahnen: RAA ; R1},
 address = {K{\"o}ln},
 edition = {Ausgabe 2008},
 publisher = {FGSV-Verl.},
 file = {http://www.worldcat.org/oclc/315939369}
}


@book{Maurer.2015,
 author = {Maurer, Markus and Gerdes, J. Christian and Lenz, Barbara and Winner, Hermann},
 year = {2015},
 title = {Autonomes Fahren},
 publisher = {{Springer Berlin Heidelberg}},
 file = {http://www.worldcat.org/oclc/1001662323}
}


@misc{Spektrum.de.2017,
 abstract = {Spinnkurve, Cornusche Spirale, ebene Kurve, deren Kr{\"u}mmung eine lineare Funktion der Bogenl{\"a}nge ist.  Ist \textgreek{a}(s) = (x(s), y(s)) eine$\ldots$},
 author = {Spektrum.de},
 year = {2017},
 title = {Klothoide},
 url = {https://www.spektrum.de/lexikon/mathematik/klothoide/5270},
 urldate = {15.05.2019}
}


@misc{StraenNRW.2019,
 author = {{Stra{\ss}en.NRW}},
 year = {2019},
 title = "{Stra{\ss}enbauplanung in NRW: Der Weg vom Planungsauftrag bis zum Bau}",
 url = {https://www.strassen.nrw.de/de/planung-bau/mit-planung-zum-bau.html},
 urldate = {26.03.2019}
}


@book{TimoFlorianBitzer.2010,
 author = {{Timo Florian Bitzer}},
 year = {2010},
 title = "{Mikroskopische Modellierung und Simulation des Fu{\ss}g{\"a}ngerverkehrs: Promotion}",
 publisher = {{Universit{\"a}t Stuttgart}},
 file = {Mikroskopische Modellierung und Simulation des Fussgaengerverkehrs:\\\\b6nas_2\\B6_Archiv\\10_SA-DA-Diss\\MA_Russ\\07_Literatur\\Citavi-Projekt\\Masterarbeit\\Citavi Attachments\\Mikroskopische Modellierung und Simulation des Fussgaengerverkehrs.pdf:pdf}
}


@misc{UniversitatderBundeswehrMunchen.2019,
 author = {{Universit{\"a}t der Bundeswehr M{\"u}nchen}},
 year = {2019},
 title = {Trajektorienplanung},
 url = {https://www.unibw.de/tas/forschung/trajektorienplanung/view},
 urldate = {07.06.2019}
}


@book{Valk.1988,
 year = {1988},
 title = {Vernetzte und komplexe Informatik-Systeme: Proceedings : Hamburg, 17. - 19. Okt. 1988},
 keywords = {Information und Dokumentation;Informationstechnik;Kongress;Rechnernetz;Verteiltes System},
 address = {Berlin u.a.},
 volume = {187},
 publisher = {Springer},
 isbn = {978-3-540-50354-5},
 series = {Informatik-Fachberichte},
 editor = {Valk, R{\"u}diger},
 doi = {10.1007/978-3-642-74127-2},
 file = {http://www.worldcat.org/oclc/643207787}
}


@misc{VIRES.2019,
 abstract = {VIRES Simulationstechnologie GmbH provides simulation solutions for the automotive, railroad and aerospace industries.},
 author = {VIRES},
 year = {2019},
 title = {VIRES Simulationstechnologie GmbH},
 url = {https://vires.com/},
 urldate = {07.06.2019}
}


@misc{VIRESSimulationstechnologieGmbH.2019,
 author = {{VIRES Simulationstechnologie GmbH}},
 year = {2019},
 title = {OpenDRIVE: Managing the road ahead},
 url = {http://opendrive.org/},
 urldate = {16.04.2019}
}


@book{Vortisch.1988,
 author = {Vortisch, Peter},
 year = {1988},
 title = {Mikroskopische Verkehrsflu{\ss}simulation zur Bewertung emissionsmindernder Ma{\ss}nahmen im Stra{\ss}enverkehr},
 publisher = {{Springer Verlag, Berlin, Heidelberg}},
 doi = {10.1007/978-3-642-74127-2{\textunderscore }18}
}


@book{Winner.2015,
 year = {2015},
 title = {Handbuch Fahrerassistenzsysteme: Grundlagen, Komponenten und Systeme f{\"u}r aktive Sicherheit und Komfort},
 address = {Wiesbaden},
 edition = {3., {\"u}berarbeitete und erg{\"a}nzte Auflage},
 publisher = {{Springer Vieweg}},
 isbn = {978-3-658-05733-6},
 series = {ATZ/MTZ-Fachbuch},
 editor = {Winner, Hermann and Hakuli, Stephan and Lotz, Felix and Singer, Christina},
 file = {http://www.worldcat.org/oclc/904437720}
}


@misc{SPIEGELONLINE.2008,
 abstract = {Autobahn und Dauerstau: Heute ein Paar wie Kaffee und Kuchen. In den Wirtschaftswunderjahren dagegen gab es weder Stop-and-go noch Schneckentempo. Bis im Sommer 1963 die freie Fahrt f{\"u}r freie B{\"u}rger abrupt zum Stillstand kam. Der erste Rekordstau ma{\ss} eine bis dahin unvorstellbare L{\"a}nge - 33 Kilometer.},
 author = {{SPIEGEL ONLINE}},
 year = {2008},
 title = {Deutschlands erster Stau: Apokalypse auf der Autobahn - SPIEGEL ONLINE},
 url = {https://www.spiegel.de/einestages/deutschlands-erster-stau-a-946865.html},
 address = {Hamburg and Germany},
 urldate = {07.06.2019}
}


@book{Wolf.2013,
 author = {Wolf, G{\"u}nter and Bracher, Andreas and B{\"o}sl, Bernhard},
 year = {2013},
 title = {Stra{\ss}enplanung},
 price = {KART. : ca. EUR 39.00},
 edition = {8. Aufl.},
 publisher = {{Werner Verlag}},
 file = {http://d-nb.info/993840795/04}
}


@book{Lother.2001,
 author = {L{\"o}ther, Wilfried},
 year = {2001},
 title = {Stra{\ss}enbau-Praxis: Stra{\ss}enplanung ; Stra{\ss}enbautechnik ; {\"o}kologisch orientiert},
 address = {Berlin},
 publisher = {Bauwerk-Verl.}
}


@book{Gerlach.2009,
 author = {Gerlach, J{\"u}rgen},
 year = {2009},
 title = {Richtlinien f{\"u}r integrierte Netzgestaltung: RIN},
 address = {K{\"o}ln},
 edition = {Ausg. 2008},
 publisher = {FGSV-Verl.},
 file = {http://www.worldcat.org/oclc/552246144}
}


@book{BagschikG..2017,
 author = {{Bagschik G.} and {Menzel T.} and {Reschka A.} and Maurer, M.},
 year = {2017},
 title = {Szenarien f{\"u}r Entwicklung, Absicherung und Test von automatisierten Fahrzeugen},
 urldate = {10.05.2019},
 publisher = {Pegasus},
 file = {636930958122975841:\\\\b6nas_2\\B6_Archiv\\10_SA-DA-Diss\\MA_Russ\\07_Literatur\\Citavi-Projekt\\Masterarbeit\\Citavi Attachments\\636930958122975841.pdf:pdf}
}


@book{Baier.2008,
 author = {Baier, Reinhold},
 year = {2008},
 title = "{Richtlinien f{\"u}r die Anlage von Stadtstra{\ss}en: RASt 06}",
 address = {K{\"o}ln},
 edition = {Korr. Nachdr},
 publisher = {FGSV-Verl.},
 file = {http://www.worldcat.org/oclc/600717037}
}


@book{BeckerDaniel.2017,
 author = {{Becker Daniel}},
 year = {2017},
 title = {Optimized Generation of Road Structures for Traffic Simulations: Masterarbeit},
 address = {Aachen},
 publisher = {{Institut f{\"u}r Kraftfahrzeuge, RWTH Aachen}},
 institution = {{Institut f{\"u}r Kraftfahrzeuge RWTH Aachen}}
}


@misc{blog.mercedesbenzpassion.,
 author = {blog.mercedes-benz-passion},
 title = {Mercedes-AMG Project One},
 url = {https://blog.mercedes-benz-passion.com/2017/05/erster-blick-auf-die-antriebskomponenten-des-amg-hypercar-project-one/},
 urldate = {01.04.2019},
 file = {undefined:\\\\b6nas_2\\B6_Archiv\\10_SA-DA-Diss\\MA_Russ\\07_Literatur\\Citavi-Projekt\\Masterarbeit\\Citavi Attachments\\undefined:}
}


@book{Breuer.2004,
 author = {Breuer, Karsten},
 year = {2004},
 title = {Verkehrsflusssimulation zur Entwicklung von Fahrerassistenzsystemen},
 address = {Aachen},
 publisher = {{Forschungsges. Kraftfahrwesen}},
 series = {Schriftenreihe Automobiltechnik},
 file = {http://www.worldcat.org/oclc/76721364}
}


@book{Bundesamt.2019,
 author = {Bundesamt, Statistisches},
 year = {2019},
 title = {Verkehrsunf{\"a}lle - Fachserie 8 Reihe 7 - Februar 2019},
 keywords = {Alkoholeinfluss;Fahrzeugf{\"u}hrer;Fu{\ss}g{\"a}nger;Get{\"o}tete;Personenschaden;Sachschadensunf{\"a}lle;Stra{\ss}enverkehr;Stra{\ss}enverkehrsunf{\"a}lle;Unfallursachen;Verletzte;Verungl{\"u}ckte},
 publisher = {{Statistisches Bundesamt}},
 file = {verkehrsunfaelle-monat-2080700191024:\\\\b6nas_2\\B6_Archiv\\10_SA-DA-Diss\\MA_Russ\\07_Literatur\\Citavi-Projekt\\Masterarbeit\\Citavi Attachments\\verkehrsunfaelle-monat-2080700191024.pdf:pdf}
}


@misc{Bussgeldkatalog.02.04.2019,
 abstract = {llll➤ Infos zum Thema {\textquotedbl}Mindestabstand zur Ampel{\textquotedbl}, z.B. welchen Mindestabstand von einer Ampel ein Fahrzeug einhalten muss, Frage zur Theoriepr{\"u}fung usw.},
 author = {Bussgeldkatalog},
 year = {02.04.2019},
 title = {Mindestabstand zur Ampel - Verkehrsrecht 2019},
 url = {https://www.bussgeldkatalog.org/mindestabstand-ampel/},
 urldate = {02.04.2019}
}


@book{ChristenF..2008,
 year = {2008},
 title = {Das Fahrermodell im Verkehrsflusssimulationsprogramm PELOPS: Modellierung und Applikationsm{\"o}glichkeiten},
 urldate = {02.04.2019},
 publisher = {{Institut f{\"u}r Kraftfahrwesen Aachen, RWTH Aachen}},
 editor = {{Christen F.} and {Huang Q.}},
 file = {christen - 8ch0065_Paper_Fahrermodellierung:\\\\b6nas_2\\B6_Archiv\\10_SA-DA-Diss\\MA_Russ\\07_Literatur\\Citavi-Projekt\\Masterarbeit\\Citavi Attachments\\christen - 8ch0065_Paper_Fahrermodellierung.pdf:pdf}
}


@book{Hartkopf.2013,
 author = {Hartkopf, G.},
 year = {2013},
 title = {Richtlinien f{\"u}r die Anlage von Landstra{\ss}en RAL},
 address = {K{\"o}ln},
 publisher = {FGVS-Verl.},
 institution = {{Forschungsgesellschaft f{\"u}r Stra{\ss}en- und Verkehrswesen}}
}


@book{ChristennF..2007,
 year = {2007},
 title = {PELOPS  White Paper},
 urldate = {02.04.2019},
 publisher = {{Forschungsgesellschaft Kraftfahrwesen mbH Aachen}},
 editor = {{Christenn F.}},
 file = {Christen - Vorlage für ika und fka:\\\\b6nas_2\\B6_Archiv\\10_SA-DA-Diss\\MA_Russ\\07_Literatur\\Citavi-Projekt\\Masterarbeit\\Citavi Attachments\\Christen - Vorlage für ika und fka.pdf:pdf}
}


@book{Dupuis.2006,
 year = {2006},
 title = {An Open Standard for the Description of Roads in Driving Simulations},
 publisher = {OpenDRIVE},
 editor = {Dupuis, Marius}
}


@book{Dupuis.2015,
 author = {Dupuis, Marius},
 year = {2015},
 title = {OpenDRIVE{\circledR}, Format Specification, Rev. 1.4},
 urldate = {14.04.2019},
 publisher = {OpenDRIVE},
 file = {marius - Detailed Specification:\\\\b6nas_2\\B6_Archiv\\10_SA-DA-Diss\\MA_Russ\\07_Literatur\\Citavi-Projekt\\Masterarbeit\\Citavi Attachments\\marius - Detailed Specification.pdf:pdf}
}


@book{Dupuis.2019,
 author = {Dupuis, Marius},
 year = {2019},
 title = {OpenDRIVE{\circledR},Format Specification, Rev. 1.5},
 urldate = {16.04.2019},
 publisher = {OpenDRIVE},
 file = {marius - Detailed Specification (2):\\\\b6nas_2\\B6_Archiv\\10_SA-DA-Diss\\MA_Russ\\07_Literatur\\Citavi-Projekt\\Masterarbeit\\Citavi Attachments\\marius - Detailed Specification (2).pdf:pdf}
}


@book{Durth.1995,
 author = {Durth},
 year = {1995},
 title = {Richtlinien f{\"u}r die Anlage von Strassen RAS: Teil: Linienf{\"u}hrung RAS-L},
 address = {Bonn},
 publisher = {Kirschbaum},
 file = {http://www.worldcat.org/oclc/917314662}
}


@book{EcksteinL.ZlockiA.PutzA..2017,
 author = {{Eckstein L., Zlocki A., P{\"u}tz A.}},
 year = {2017},
 title = {Absicherung hochautomatisierter Fahrfunktionen mithilfe einer Datenbank relevanter Szenarien},
 urldate = {10.05.2019},
 publisher = {Pegasus},
 file = {tagungsband.indd:\\\\b6nas_2\\B6_Archiv\\10_SA-DA-Diss\\MA_Russ\\07_Literatur\\Citavi-Projekt\\Masterarbeit\\Citavi Attachments\\tagungsband.indd.pdf:pdf}
}


@book{EN.2018.ack,
 author = {{Eckstein Lutz, Zlocki Adrian, Klimke Jens, Krajewski Robert, Bock Julian, Sauerbier Jan}},
 year = {2018},
 title = {Data Basis for Scenario-Based Validation of HAD on Highways},
 publisher = {{27th Aachen Colloquium Automobile and Engine Technology}},
 file = {27th_Aachen_Colloquium_2018_v12:\\\\b6nas_2\\B6_Archiv\\10_SA-DA-Diss\\MA_Russ\\07_Literatur\\Citavi-Projekt\\Masterarbeit\\Citavi Attachments\\27th_Aachen_Colloquium_2018_v12.pdf:pdf}
}


@book{Erlemann.2007,
 abstract = {Bochum, Univ., Diss., Fakult{\"a}t f{\"u}r Bau- und Umweltingenieurwissenschaften, 2007},
 author = {Erlemann and Kai},
 year = {2007},
 title = {Objektorientierte mikroskopische Verkehrsflusssimulation: Promotion},
 keywords = {Fahrerverhalten;Java (Programmiersprache);Parallelisierung;Simulation;Verkehr},
 publisher = {{Ruhr-Universit{\"a}t Bochum}},
 file = {Objektorientierte mikroskopische Verkehrsflusssimulation:\\\\b6nas_2\\B6_Archiv\\10_SA-DA-Diss\\MA_Russ\\07_Literatur\\Citavi-Projekt\\Masterarbeit\\Citavi Attachments\\Objektorientierte mikroskopische Verkehrsflusssimulation.pdf:pdf}
}


@misc{Extremetech.2019,
 author = {Extremetech},
 year = {2019},
 title = {Laserscanner},
 url = {https://www.extremetech.com/extreme/213517-a-laser-and-a-raspberry-pi-can-disable-a-self-driving-car}
}


@misc{Deutschlandfunk.2016,
 abstract = {W{\"a}hrungskurse, Wachstumsraten und Reformstau werden 2017 die Themen sein, wenn es um die chinesische Wirtschaft geht. Ein gro{\ss}es Problem f{\"u}r ausl{\"a}ndische Firmen: Das Land schottet seine M{\"a}rkte tendenziell weiter ab - der Handlungsspielraum sinkt.},
 author = {Deutschlandfunk},
 year = {2016},
 title = {Chinas Wirtschaft 2017 - Wirtschaften wie ein Vogel im K{\"a}fig},
 url = {https://www.deutschlandfunk.de/chinas-wirtschaft-2017-wirtschaften-wie-ein-vogel-im-kaefig.769.de.html?dram:article_id=375105},
 urldate = {02.04.2019}
}


@misc{WolframBahnundBeateThomashausen.2015,
 abstract = {Es war kurz und heftig: Mit einem Donnerschlag setzte gestern Abend gegen 19.30 Uhr, ein Gewitter im Landkreis ein. Dunkle Wolken zogen sich rasend schnell zusammen. Ein starker Wind r{\"u}ttelte an den B{\"a}umen. Die ersten Blitze zuckten, als auch schon ein Starkregen niederprasselte. Gefolgt von Hagelk{\"o}rnern so gro{\ss} wie Waln{\"u}sse. In Rothenschirmbach hagelte es so stark, dass die K{\"o}rner stellenweise zehn Zentimeter hoch lagen. {\glqq}So etwas haben wie noch nie erlebt{\grqq}, sagte eine Mutter, deren Kinder Handyfotos vom Hagelteppich ...},
 author = {{Wolfram Bahn und Beate Thomashausen}},
 year = {2015},
 title = {Unwetter im Mansfelder Land: Zerst{\"o}rungen an Einkaufsmarkt in Rothenschirmbach},
 url = {https://www.mz-web.de/eisleben/unwetter-im-mansfelder-land-zerstoerungen-an-einkaufsmarkt-in-rothenschirmbach-22682060},
 keywords = {Dienstagabend;Einsatzzentrale;J{\"u}rgen Ludwig;Mansfelder Land;R{\"o}blingen;Seegebiet;Storm;Stromausfall;Stromleitung;Tornado;Unwetter},
 urldate = {02.04.2019}
}


