@inproceedings{bock2018data,
  title={Data basis for scenario-based validation of HAD on highways},
  author={Bock, Julian and Krajewski, R and Eckstein, L and Klimke, J and Sauerbier, J and Zlocki, A},
  booktitle={27th Aachen Colloquium Automobile and Engine Technology},
  year={2018}
}

@inproceedings{bagschik2018ontology,
  title={Ontology based scene creation for the development of automated vehicles},
  author={Bagschik, Gerrit and Menzel, Till and Maurer, Markus},
  booktitle={2018 IEEE Intelligent Vehicles Symposium (IV)},
  pages={1813--1820},
  year={2018},
  organization={IEEE}
}

@inproceedings{dlrODRgen,
       booktitle = {Driving Simulation Conference Europe 2018 VR},
          editor = {Andras Kemeny and Florent Colombet and Fr{\'e}d{\'e}ric M{\'e}rienne and St{\'e}phane Espi{\'e}},
           title = {Generation of Highway Sections for Automated Test Case Creation},
          author = {Ulf Noyer and Andreas Richter and Michael Scholz},
            year = {2018},
           pages = {171--174},
         journal = {Proceedings of the DSC 2018 Europe VR},
        keywords = {OpenDRIVE, testing, domain-specific language},
             url = {https://elib.dlr.de/117113/}
}

@inproceedings{menzel2019functional,
  title={From Functional to Logical Scenarios: Detailing a Keyword-Based Scenario Description for Execution in a Simulation Environment},
  author={Menzel, Till and Bagschik, Gerrit and Isensee, Leon and Schomburg, Andre and Maurer, Markus},
  booktitle={2019 IEEE Intelligent Vehicles Symposium (IV)},
  pages={2383--2390},
  year={2019},
  organization={IEEE}
}

@inproceedings{menzel2018scenarios,
  title={Scenarios for development, test and validation of automated vehicles},
  author={Menzel, Till and Bagschik, Gerrit and Maurer, Markus},
  booktitle={2018 IEEE Intelligent Vehicles Symposium (IV)},
  pages={1821--1827},
  year={2018},
  organization={IEEE}
}

@incollection{wachenfeld2016release,
  title={The release of autonomous vehicles},
  author={Wachenfeld, Walther and Winner, Hermann},
  booktitle={Autonomous driving},
  pages={425--449},
  year={2016},
  publisher={Springer}
}

